<CstmrCdtTrfInitn>
  <GrpHdr>
    <MsgId>ABC/090928/CCT001</MsgId> 
    <CreDtTm>2009-09-28T14:07:00</CreDtTm>
    <NbOfTxs>3</NbOfTxs>
    <CtrlSum>11500000</CtrlSum>
    <InitgPty>
      <Nm>ABC Corporation</Nm>
      <PstlAdr>
        <StrtNm>Times Square</StrtNm>
        <BldgNb>7</BldgNb>
        <PstCd>NY 10036</PstCd>
        <TwnNm>New York</TwnNm>
        <Ctry>US</Ctry>
      </PstlAdr>
    </InitgPty>
  </GrpHdr>
  <PmtInf>
    <PmtInfId>ABC/086</PmtInfId>
    <PmtMtd>TRF</PmtMtd>
    <BtchBookg>false</BtchBookg>
    <ReqdExctnDt>2009-09-29</ReqdExctnDt>
    <Dbtr>
      <Nm>ABC Corporation</Nm>
      <PstlAdr>
        <StrtNm>Times Square</StrtNm>
        <BldgNb>7</BldgNb>
        <PstCd>NY 10036</PstCd>
        <TwnNm>New York</TwnNm>
        <Ctry>US</Ctry>
      </PstlAdr>
    </Dbtr>
    <DbtrAcct>
      <Id>
        <Othr>
          <Id>00125574999</Id>
        </Othr>
      </Id>
    </DbtrAcct>
    <DbtrAgt>
      <FinInstnId>
        <BIC>BBBBUS33</BIC>
      </FinInstnId>
    </DbtrAgt>
    <CdtTrfTxInf>
      <PmtId>
        <InstrId>ABC/090928/CCT001/01</InstrId>
        <EndToEndId>ABC/4562/2009-09-08</EndToEndId>
      </PmtId>
      <Amt>
        <InstdAmt Ccy="JPY">10000000</InstdAmt>
      </Amt>
      <ChrgBr>SHAR</ChrgBr>
      <IntrmyAgt1>
        <FinInstnId>
          <BICFI>INTERMEDIARYBIC</BICFI>
        </FinInstnId>
      </IntrmyAgt1>
      <IntrmyAgt1Acct>
        <Id>
          <Othr>
            <Id>INTERMEDIARYACCOUNTNUMBER</Id>
          </Othr>
        </Id>
      </IntrmyAgt1Acct>
      <CdtrAgt>
        <FinInstnId>
          <BIC>AAAAGB2L</BIC>
        </FinInstnId>
      </CdtrAgt>
      <Cdtr>
        <Nm>DEF Electronics</Nm>
        <PstlAdr>
          <AdrLine>Corn Exchange 5th Floor</AdrLine>
          <AdrLine>Mark Lane 55</AdrLine>
          <AdrLine>EC3R7NE London</AdrLine>
          <AdrLine>GB</AdrLine>
        </PstlAdr>
      </Cdtr>
      <CdtrAcct>
        <Id>
          <Othr>
            <Id>23683707994125</Id>
          </Othr>
        </Id>
      </CdtrAcct>
      <Purp>
        <Cd>CINV</Cd>
      </Purp>
      <RmtInf>
        <Strd>
          <RfrdDocInf>
            <Nb>4562</Nb>
            <RltdDt>2009-09-08</RltdDt>
          </RfrdDocInf>
        </Strd>
      </RmtInf>
    </CdtTrfTxInf>
  </PmtInf>
</CstmrCdtTrfInitn>